@article{dantzig1960decomposition,
  title={Decomposition principle for linear programs},
  author={Dantzig, George B and Wolfe, Philip},
  journal={Operations research},
  volume={8},
  number={1},
  pages={101--111},
  year={1960},
  publisher={INFORMS}
}

@book{dantzig2016linear,
  title={Linear programming and extensions},
  author={Dantzig, George},
  year={2016},
  publisher={Princeton university press}
}